@book{design_thinking_book,
	author = "Leifer, Larry. and Plattner, Hasso. and SpringerLink (Online service)",
	url = "http://dx.doi.org/10.1007/978-3-642-13757-0",
	title = "Design Thinking",
	address = "Berlin, Heidelberg :",
	publisher = "Springer-Verlag Berlin Heidelberg,",
	year = "2011."
} % #selfrespect


@misc{herrmann2002apparatus,
  title={Apparatus and method for in-system programming of integrated circuits containing programmable elements},
  author={Herrmann, Alan L and Southgate, Timothy J},
  year={2002},
  month=jun # "~18",
  publisher={Google Patents},
  note={US Patent 6,408,432}
}

@ONLINE{zero_email,
author = {Atos S.A.},
title = {Zero Email},
month = mar,
year = {2013},
url = {http://atos.net/en-us/about_us/zero_email/default.htm}
}